<?xml version="1.0" encoding="UTF-8"?><collection xmlns="http://www.loc.gov/MARC21/slim"><record><leader>00585nam--2200169-i-4500</leader><controlfield tag="001">000012299</controlfield><controlfield tag="002">20161230</controlfield><controlfield tag="005">20161230201029</controlfield><controlfield tag="008">060222s1000------------r-----000-0-eng-d</controlfield><datafield ind1=" " ind2=" " tag="040"><subfield code="a">IFIN-HH</subfield></datafield><datafield ind1=" " ind2=" " tag="080"><subfield code="a">537.533</subfield></datafield><datafield ind1="1" ind2=" " tag="110"><subfield code="a">Massachusetts Institute Of Technology</subfield></datafield><datafield ind1="1" ind2="0" tag="245"><subfield code="a">Physical electronics</subfield><subfield code="b">Report on the twenty-first annual conference on physical electronics held march 29, 30 and 31, 1961 at the massachusetts institute of technology</subfield></datafield><datafield ind1=" " ind2=" " tag="260"><subfield code="a">Massachusetts</subfield><subfield code="b">Institute Of Technology</subfield><subfield code="c">1961</subfield></datafield><datafield ind1=" " ind2=" " tag="300"><subfield code="a">315P</subfield></datafield><datafield ind1=" " ind2=" " tag="852"><subfield code="a">18580</subfield><subfield code="c">537.533</subfield></datafield><datafield ind1=" " ind2=" " tag="CAT"><subfield code="a">Sys</subfield><subfield code="c">20110812</subfield><subfield code="h">134715</subfield></datafield></record></collection>